@book{Lav06,
	author       = {S. M. LaValle},
	title        = {Planning Algorithms},
	publisher    = {Cambridge University Press},
	address      = {,Cambridge U.K.},
	note         = {Available at http://planning.cs.uiuc.edu/},
	year         = {2006}
}
@article{cui:2011,
title={A*-based pathfinding in modern computer games},
author={Cui, Xiao and Shi, Hao},
journal={International Journal of Computer Science and Network Security},
volume={11},
number={1},
pages={125--130},
year={2011},
publisher={International Journal of Computer Science and Network Security (IJCSNS)}
}