@Misc{BeamerDoc,
	author = {Till Tantau and Joseph Wright and Vedran MiletiÄ‡},
	title = {Beamer Documentation},
	date = {2017-01-23},
	year = {2017},
	note = {\url{https://www.ctan.org/pkg/beamer}},
}
